@article{bharti2022noisy,
  title={Noisy intermediate-scale quantum algorithms},
  author={Bharti, Kishor and Cervera-Lierta, Alba and Kyaw, Thi Ha and Haug, Tobias and Alperin-Lea, Sumner and Anand, Abhinav and Degroote, Matthias and Heimonen, Hermanni and Kottmann, Jakob S and Menke, Tim and others},
  journal={Reviews of Modern Physics},
  volume={94},
  number={1},
  pages={015004},
  year={2022},
  publisher={APS}
}

@article{vaswani2017attention,
  title={Attention is all you need},
  author={Vaswani, Ashish and Shazeer, Noam and Parmar, Niki and Uszkoreit, Jakob and Jones, Llion and Gomez, Aidan N and Kaiser, {\L}ukasz and Polosukhin, Illia},
  journal={Advances in neural information processing systems},
  volume={30},
  year={2017}
}

@article{schuld2019quantum,
  title={Quantum machine learning in feature Hilbert spaces},
  author={Schuld, Maria and Killoran, Nathan},
  journal={Physical review letters},
  volume={122},
  number={4},
  pages={040504},
  year={2019},
  publisher={APS}
}

@article{gal2016dropout,
  title={Dropout as a bayesian approximation: Representing model uncertainty in deep learning},
  author={Gal, Yarin and Ghahramani, Zoubin},
  journal={International conference on machine learning},
  pages={1050--1059},
  year={2016},
  organization={PMLR}
}

@article{farhi2018classification,
  title={Classification with quantum neural networks on near term processors},
  author={Farhi, Edward and Neven, Hartmut},
  journal={arXiv preprint arXiv:1802.06002},
  year={2018}
}
